@book{Goodfellow-et-al-2016,
    title={Deep Learning},
    author={Ian Goodfellow and Yoshua Bengio and Aaron Courville},
    publisher={MIT Press},
    year={2016}
}

@MISC {img1,
    TITLE = {What is generalization in machine learning?},
    AUTHOR = {Damian Sowinski},
    HOWPUBLISHED = {Post},
    URL = {https://www.quora.com/What-is-generalization-in-machine-learning/answer/Damian-Sowinski?share=2ac43cbd&srid=t9oE}
}

@article{DBLP:journals/corr/ZhangBHRV16,
  author    = {Chiyuan Zhang and
               Samy Bengio and
               Moritz Hardt and
               Benjamin Recht and
               Oriol Vinyals},
  title     = {Understanding deep learning requires rethinking generalization},
  journal   = {CoRR},
  volume    = {abs/1611.03530},
  year      = {2016},
  url       = {http://arxiv.org/abs/1611.03530},
  archivePrefix = {arXiv},
  eprint    = {1611.03530},
  timestamp = {Wed, 07 Jun 2017 14:41:04 +0200},
  biburl    = {http://dblp.org/rec/bib/journals/corr/ZhangBHRV16},
  bibsource = {dblp computer science bibliography, http://dblp.org}
}	

@article{DBLP:journals/corr/HardtRS15,
  author    = {Moritz Hardt and
               Benjamin Recht and
               Yoram Singer},
  title     = {Train faster, generalize better: Stability of stochastic gradient
               descent},
  journal   = {CoRR},
  volume    = {abs/1509.01240},
  year      = {2015},
  url       = {http://arxiv.org/abs/1509.01240},
  archivePrefix = {arXiv},
  eprint    = {1509.01240},
  timestamp = {Wed, 07 Jun 2017 14:41:05 +0200},
  biburl    = {http://dblp.org/rec/bib/journals/corr/HardtRS15},
  bibsource = {dblp computer science bibliography, http://dblp.org}
}

